@inproceedings{sanders2013communication,
	title={Communication efficient algorithms for fundamental big data problems},
	author={Sanders, Peter and Schlag, Sebastian and M{\"u}ller, Ingo},
	booktitle={2013 IEEE International Conference on Big Data},
	pages={15--23},
	year={2013},
	organization={IEEE}
}

@phdthesis{schlag2013distributed,
	title={Distributed Duplicate Removal},
	author={Schlag, Sebastian},
	year={2013},
	school={Karlsruhe Institute of Technology}
}

@inproceedings{fischer2019lightweight,
	title={Lightweight Distributed Suffix Array Construction},
	author={Fischer, Johannes and Kurpicz, Florian},
	booktitle={2019 Proceedings of the Twenty-First Workshop on Algorithm Engineering and Experiments (ALENEX)},
	pages={27--38},
	year={2019},
	organization={SIAM}
}

@article{bingmann2018scalable,
	title={Scalable string and suffix sorting: Algorithms, techniques, and tools},
	author={Bingmann, Timo},
	journal={arXiv preprint arXiv:1808.00963},
	year={2018}
}

